<?xml version="1.0" encoding="UTF-8"?><collection xmlns="http://www.loc.gov/MARC21/slim"><record><leader>00401nam--2200121-i-4500</leader><controlfield tag="001">000004767</controlfield><controlfield tag="002">20161230</controlfield><controlfield tag="005">20161230201026</controlfield><controlfield tag="008">060222s1000------------r-----000-0-eng-d</controlfield><datafield ind1=" " ind2=" " tag="100"><subfield code="a">Bhowmik,B./S.A.</subfield></datafield><datafield ind1=" " ind2=" " tag="245"><subfield code="a">The interaction of k-mesons with photographic emulsion nuclei. part.ii:the emission of hyperons from k -inte ractions at rest</subfield></datafield><datafield ind1=" " ind2=" " tag="260"><subfield code="a">Bologna,Tipografia Compositori,1959. 5op</subfield></datafield><datafield ind1=" " ind2=" " tag="852"><subfield code="a">6489</subfield></datafield></record></collection>